@article{1,
  title={Blockchain technology: Beyond bitcoin},
  author={Crosby, Michael and Pattanayak, Pradan and Verma, Sanjeev and Kalyanaraman, Vignesh},
  journal={Applied Innovation},
  volume={2},
  pages={6--10},
  year={2016}
}

@book{2, place={New York, NY}, title={State of Blockchain 2018}, journal={State of Blockchain 2018}, institution={Coindesk}, author={Coindesk}, year={2017}, pages={33â€“35}}

@misc{3, title={Explore decentralized applications (projects built on Ethereum)}, url={https://www.stateofthedapps.com/}, journal={State of the dApps}, publisher={State of the dApps}, year={2018}}

@article{4,
  title={Network motifs: simple building blocks of complex networks},
  author={Milo, Ron and Shen-Orr, Shai and Itzkovitz, Shalev and Kashtan, Nadav and Chklovskii, Dmitri and Alon, Uri},
  journal={Science},
  volume={298},
  number={5594},
  pages={824--827},
  year={2002},
  publisher={American Association for the Advancement of Science}
}

@inproceedings{5,
  title={Connection subgraphs in social networks},
  author={Faloutsos, Christos and Mccurley, Kevin S and Tomkins, Andrew},
  booktitle={SIAM International Conference on Data Mining, Workshop on Link Analysis, Counterterrorism and Security},
  year={2004}
}

@book{6, place={Arlington, VA}, title={The structure of transportation networks}, journal={The structure of transportation networks}, institution={Armed Services Technical Information Agency}, author={Northwestern University}, year={1962}}

@article{7,
  title={Estimation and prediction for stochastic blockstructures},
  author={Nowicki, Krzysztof and Snijders, Tom A B},
  journal={Journal of the American statistical association},
  volume={96},
  number={455},
  pages={1077--1087},
  year={2001},
  publisher={Taylor \& Francis}
}

@article{8,
  title={Dynamic visualization of large transaction networks: the daily Dutch overnight money market},
  author={Heijmans, Ronald and Heuver, Richard and Levallois, Clement and van Lelyveld, Iman},
  year={2014}
}

@article{9,
  title={Bitcoin: A peer-to-peer electronic cash system},
  author={Nakamoto, Satoshi},
  year={2008}
}


@article{10,
  title={Sex, Drugs, and Bitcoin: How Much Illegal Activity is Financed Through Cryptocurrencies?},
  author={Foley, Sean and Karlsen, Jonathan and Putni{\c{n}}{\v{s}}, T{\=a}lis J},
  year={2018}
}

@book{11, title={Bitcoin Laundering: An Analysis of Illicit Flows into Digital Currency Services}, url={http://www.defenddemocracy.org/content/uploads/documents/MEMO_Bitcoin_Laundering.pdf}, journal={Bitcoin Laundering: An Analysis of Illicit Flows into Digital Currency Services}, institution={Elliptic}, author={Fanusie, Yaya J and Robinson, Tom}, year={2018}, month={Jan}}

@inproceedings{12,
  title={Exploring the Bitcoin Network.},
  author={Baumann, Annika and Fabian, Benjamin and Lischke, Matthias},
  booktitle={WEBIST (1)},
  pages={369--374},
  year={2014}
}

@article{13,
  title={Do the rich get richer? An empirical analysis of the Bitcoin transaction network},
  author={Kondor, D{\'a}niel and P{\'o}sfai, M{\'a}rton and Csabai, Istv{\'a}n and Vattay, G{\'a}bor},
  journal={PloS one},
  volume={9},
  number={2},
  pages={e86197},
  year={2014},
  publisher={Public Library of Science}
}

@article{14,
  title={A survey on the security of blockchain systems},
  author={Li, Xiaoqi and Jiang, Peng and Chen, Ting and Luo, Xiapu and Wen, Qiaoyan},
  journal={Future Generation Computer Systems},
  year={2017},
  publisher={Elsevier}
}

@misc{15,
  title={Non-interactive proofs of proof-of-work},
  author={Kiayias, Aggelos and Miller, Andrew and Zindros, Dionysis},
  year={2017}
}

@article{16,
  title={The economics of cryptocurrencies--bitcoin and beyond},
  author={Chiu, Jonathan and Koeppl, Thorsten V},
  year={2017}
}

@article{17,
  title={A statistical analysis of cryptocurrencies},
  author={Chan, Stephen and Chu, Jeffrey and Nadarajah, Saralees and Osterrieder, Joerg},
  journal={Journal of Risk and Financial Management},
  volume={10},
  number={2},
  pages={12},
  year={2017},
  publisher={Multidisciplinary Digital Publishing Institute}
}



@inproceedings{18,
  title={Quantitative analysis of the full bitcoin transaction graph},
  author={Ron, Dorit and Shamir, Adi},
  booktitle={International Conference on Financial Cryptography and Data Security},
  pages={6--24},
  year={2013},
  organization={Springer}
}

@article{19,
  title={Predicting short-term Bitcoin price fluctuations from buy and sell orders},
  author={Guo, Tian and Antulov-Fantulin, Nino},
  journal={arXiv preprint arXiv:1802.04065},
  year={2018}
}

@article{20,
  title={Predicting fluctuations in cryptocurrency transactions based on user comments and replies},
  author={Kim, Young Bin and Kim, Jun Gi and Kim, Wook and Im, Jae Ho and Kim, Tae Hyeong and Kang, Shin Jin and Kim, Chang Hun},
  journal={PloS one},
  volume={11},
  number={8},
  pages={e0161197},
  year={2016},
  publisher={Public Library of Science}
}


@misc{21,
  title={Predicting Bitcoin price fluctuation with Twitter sentiment analysis},
  author={Stenqvist, Evita and L{\"o}nn{\"o}, Jacob},
  year={2017}
}

@article{22,
  title={Using the Bitcoin Transaction Graph to Predict the Price of Bitcoin},
  author={Greaves, Alex and Au, Benjamin},
  journal={No Data},
  year={2015}
}

@article{23,
  title={Inferring the interplay between network structure and market effects in Bitcoin},
  author={Kondor, D{\'a}niel and Csabai, Istv{\'a}n and Sz{\"u}le, J{\'a}nos and P{\'o}sfai, M{\'a}rton and Vattay, G{\'a}bor},
  journal={New Journal of Physics},
  volume={16},
  number={12},
  pages={125003},
  year={2014},
  publisher={IOP Publishing}
}

@article{24,
  title={Comparitive Automated Bitcoin Trading Strategies},
  author={HEGAZY, KAREEM and MUMFORD, SAMUEL}
}

@article{25,
  title={Automated Bitcoin Trading via Machine Learning Algorithms},
  author={Madan, Isaac and Saluja, Shaurya and Zhao, Aojia},
  journal={URL: http://cs229. stanford. edu/proj2014/Isaac\% 20Madan},
  volume={20},
  year={2015}
}

@article{26,
  title={Predicting Price Changes in Ethereum},
  author={Chen, Matthew and Narwal, Neha and Schultz, Mila}
}

@misc{27,
  title = {Web3 JavaScript app API for 0.2x.x},
  year = {2018},
  publisher = {GitHub},
  journal = {GitHub repository},
  howpublished = {\url{https://github.com/ethereum/wiki/wiki/JavaScript-API}}
}


@book{28,
  title={Introducing Ethereum and Solidity},
  author={Dannen, Chris},
  year={2017},
  publisher={Springer}
}


@article{29,
  title={FEATURE SELECTION FOR PRICE CHANGE PREDICTION},
  author={{\c{C}}ataltepe, Zehra and {\"O}zer, Sava{\c{s}} and Bar{\i}n, Vahide Unutmaz}
}

@article{30,
  title={Networkx. High productivity software for complex networks},
  author={Hagberg, Aric and Schult, Dan and Swart, Pieter and Conway, D and S{\'e}guin-Charbonneau, L and Ellison, C and Edwards, B and Torrents, J},
  journal={Webov{\'a} str{\'a} nka https://networkx. lanl. gov/wiki},
  year={2013}
}


@book{31,
    title={Deep Learning},
    author={Ian Goodfellow and Yoshua Bengio and Aaron Courville},
    publisher={MIT Press},
    year={2016}


@article{32,
  title={Forecasting Across Time Series Databases using Long Short-Term Memory Networks on Groups of Similar Series},
  author={Bandara, Kasun and Bergmeir, Christoph and Smyl, Slawek},
  journal={arXiv preprint arXiv:1710.03222},
  year={2017}
}

@inproceedings{33,
  title={Large-scale unusual time series detection},
  author={Hyndman, Rob J and Wang, Earo and Laptev, Nikolay},
  booktitle={Data Mining Workshop (ICDMW), 2015 IEEE International Conference on},
  pages={1616--1619},
  year={2015},
  organization={IEEE}
}

@article{34,
  title={Learning phrase representations using RNN encoder-decoder for statistical machine translation},
  author={Cho, Kyunghyun and Van Merri{\"e}nboer, Bart and Gulcehre, Caglar and Bahdanau, Dzmitry and Bougares, Fethi and Schwenk, Holger and Bengio, Yoshua},
  journal={arXiv preprint arXiv:1406.1078},
  year={2014}
}


@article{35,
  title={Empirical evaluation of gated recurrent neural networks on sequence modeling},
  author={Chung, Junyoung and Gulcehre, Caglar and Cho, KyungHyun and Bengio, Yoshua},
  journal={arXiv preprint arXiv:1412.3555},
  year={2014}
}

@article{36,
  title={Root mean square error (RMSE) or mean absolute error (MAE)?--Arguments against avoiding RMSE in the literature},
  author={Chai, Tianfeng and Draxler, Roland R},
  journal={Geoscientific model development},
  volume={7},
  number={3},
  pages={1247--1250},
  year={2014},
  publisher={Copernicus GmbH}
}

@inproceedings{37,
  title={Cryptocurrencies: Technology Empowered Integration of Information Systems Enabling Currency Without Borders},
  author={Serapiglia, Anthony and Latrobe, PA},
  booktitle={Proceedings of the Information Systems Educators Conference ISSN},
  volume={2167},
  pages={1435},
  year={2014},
  organization={Citeseer}
}


@article{38,
  title={Learning precise timing with LSTM recurrent networks},
  author={Gers, Felix A and Schraudolph, Nicol N and Schmidhuber, J{\"u}rgen},
  journal={Journal of machine learning research},
  volume={3},
  number={Aug},
  pages={115--143},
  year={2002}
}


@article{39,
  title={Adam: A method for stochastic optimization},
  author={Kingma, Diederik P and Ba, Jimmy},
  journal={arXiv preprint arXiv:1412.6980},
  year={2014}
}


@inproceedings{40,
  title={TensorFlow: A System for Large-Scale Machine Learning.},
  author={Abadi, Mart{\'\i}n and Barham, Paul and Chen, Jianmin and Chen, Zhifeng and Davis, Andy and Dean, Jeffrey and Devin, Matthieu and Ghemawat, Sanjay and Irving, Geoffrey and Isard, Michael and others},
  booktitle={OSDI},
  volume={16},
  pages={265--283},
  year={2016}
}

@article{41,
  title={FEATURE SELECTION FOR PRICE CHANGE PREDICTION},
  author={{\c{C}}ataltepe, Zehra and {\"O}zer, Sava{\c{s}} and Bar{\i}n, Vahide Unutmaz}
}



@article{42,
  title={Long short-term memory},
  author={Hochreiter, Sepp and Schmidhuber, J{\"u}rgen},
  journal={Neural computation},
  volume={9},
  number={8},
  pages={1735--1780},
  year={1997},
  publisher={MIT Press}
}


@article{43,
  title={Time series forecasting using neural networks vs. Box-Jenkins methodology},
  author={Tang, Zaiyong and de Almeida, Chrys and Fishwick, Paul A},
  journal={Simulation},
  volume={57},
  number={5},
  pages={303--310},
  year={1991},
  publisher={Sage Publications Sage CA: Thousand Oaks, CA}
}



@misc{44, title={Ethereum Price}, url={https://www.coindesk.com/ethereum-price/}, journal={CoinDesk}, publisher={Coindesk}, author={Coindesk}}
